@misc{PGFPlots,
    author = {PFGPlots},
    title = {A LaTeX package to create plots.},
	url = {https://pgfplots.sourceforge.net/}
}