@article{example_article,
    author = {Author, First and Author, Second},
    title = {Example Article Title},
    journal = {Journal Name},
    volume = {1},
    number = {1},
    pages = {1--10},
    year = {2024},
    doi = {10.1234/example.doi}
}

@book{example_book,
    author = {Book Author, First and Book Author, Second},
    title = {Example Book Title},
    publisher = {Publisher Name},
    year = {2024},
    isbn = {978-0-123456-78-9}
}

@inproceedings{example_conference,
    author = {Conference Author, First and Conference Author, Second},
    title = {Example Conference Paper Title},
    booktitle = {Proceedings of Example Conference},
    year = {2024},
    pages = {100--110},
    organization = {Organization Name}
}

@online{example_website,
    author = {Website Author},
    title = {Example Website Title},
    year = {2024},
    url = {https://example.com},
    urldate = {2024-03-27}
}
